@Misc{test,
    author          = "{Test}",
    title           = "{Test}",
    howpublished    = "\\\url{http://www.test.com}",
    year            = "2015",
    note            = "\\Accessed September 9th, 2015"
}

@Misc{PIDcontrolsystem,
    author          = "{Kiam Heong Ang, Gregory Chong and Yun Li}",
    title           = "{PID  Control  System  Analysis,  Design, and Technology}",
    howpublished    = "\\\url{http://eprints.gla.ac.uk/3817/1/IEEE3.pdf}",
    year            = "2007",
    note            = "\\Accessed October 14th, 2015"
}

@Misc{NXTMotor,
    author          = "{Philippe Hurbain}",
    title           = "{NXTÂ® motor internals}",
    howpublished    = "\\\url{http://www.philohome.com/nxtmotor/nxtmotor.html}",
    year            = "2015",
    note            = "\\Accessed October 13th, 2015"
}

@Misc{LEGO,
    author          = "{LEGO}",
    title           = "{LEGO Mindstorms}",
    howpublished    = "\\\url{http://www.lego.com/da-dk/mindstorms/?domainredir=mindstorms.lego.com}",
    year            = "2015",
    note            = "\\Accessed September 9th, 2015"
}

@Misc{mindsensors,
    author          = "{mindsensors}",
    title           = "{mindsensors EV3 and NXT}",
    howpublished    = "\\\url{http://www.mindsensors.com/37-ev3-and-nxt}",
    year            = "2015",
    note            = "\\Accessed September 9th, 2015"
}

@Misc{hitechnic,
    author          = "{HiTechnic}",
    title           = "{HiTechnic NXT Sensors}",
    howpublished    = "\\\url{https://www.hitechnic.com/products}",
    year            = "2015",
    note            = "\\Accessed September 9th, 2015"
}

@Misc{legoultrasonic,
    author          = "{LEGO}",
    title           = "{LEGO NXT Ultrasonic Sensor}",
    howpublished    = "\\\url{http://shop.lego.com/en-US/Ultrasonic-Sensor-9846}",
    year            = "2015",
    note            = "\\Accessed September 10th, 2015"
}

@Misc{legonxtdata,
    author          = "{LEGO}",
    title           = "{LEGO NXT Sensor Specifications}",
    howpublished    = "\\\url{http://www.cs.tau.ac.il/~eranhaba/SMLAB/Preliminaries/9797_LME_UserGuide_US_low.pdf}",
    year            = "2015",
    note            = "\\Accessed September 10th, 2015"
}

@Misc{mindinfrared,
    author          = "{mindsensors}",
    title           = "{High Precision Medium Range Infrared distance sensor for NXT or EV3}",
    howpublished    = "\\\url{http://www.mindsensors.com/ev3-and-nxt/112-high-precision-medium-range-infrared-distance-sensor-for-nxt-or-ev3}",
    year            = "2015",
    note            = "\\Accessed September 15th, 2015"
}

@Misc{minddata,
    author          = "{mindsensors}",
    title           = "{DIST-Nx v2 User Guide}",
    howpublished    = "\\\url{http://www.robotshop.com/media/files/pdf/DIST-Nx-v20-User-Guide.pdf}",
    year            = "2015",
    note            = "\\Accessed September 15th, 2015"
}

@Misc{intel4004,
    author          = "{Michael J. Miller}",
    title           = "{The Birth of the Microprocessor}",
    howpublished    = "\\\url{http://forwardthinking.pcmag.com/none/330368-the-birth-of-the-microprocessor}",
    year            = "2014",
    note            = "\\Accessed September 16th, 2015"
}

@Misc{embedded_nd,
    author          = "{University of Notre Dame}",
    title           = "{Embedded System Design Group}",
    howpublished    = "\\\url{http://www3.nd.edu/~codes}",
    year            = "",
    note            = "\\Accessed September 16th, 2015"
}

@Misc{PID_tuning,
    author          = "{Tomas B. Co}",
    title           = "{Ziegler-Nichols Method}",
    howpublished    = "\\\url{http://www.chem.mtu.edu/~tbco/cm416/zn.html}",
    year            = "2004",
    note            = "\\Accessed September 30th, 2015"
}

@Misc{Scheduling,
    author          = "{Calin Curescu}",
    title           = "{Scheduling: Cyclic Executive and Rate Monotonic}",
    howpublished    = "\\\url{https://www.ida.liu.se/~simna73/teaching/IT6/Calin07/lecture4.pdf}",
    year            = "2004",
    note            = "\\Accessed November 19th, 2015"
}

@Misc{td1,
    author          = "{Patrick Dugan}",
    title           = "{Slamdance, Post-Columbine - Personal Conversations with Freaks and Geeks}",
    howpublished    = "\\\url{http://www.gamasutra.com/view/feature/1728/slamdance_postcolumbine__.php}",
    year            = "2007",
    note            = "\\Accessed November 24th, 2015"
}

@Misc{td2,
    author          = "{Cassandra Khaw}",
    title           = "{The best tower defense games on Android}",
    howpublished    = "\\\url{http://www.pcworld.com/article/2034151/the-best-tower-defense-games-on-android.html}",
    year            = "2013",
    note            = "\\Accessed November 24th, 2015"
}

@Misc{arduino_uno,
    author          = "{Arduino}",
    title           = "{Arduino Uno}",
    howpublished    = "\\\url{https://www.arduino.cc/en/Main/ArduinoBoardUno#techspecs}",
    year            = "2015",
    note            = "\\Accessed November 24th, 2015"
}